@article{reynolds1995robust,
  title={Robust text-independent speaker identification using Gaussian mixture speaker models},
  author={Reynolds, Douglas A and Rose, Richard C},
  journal={Speech and Audio Processing, IEEE Transactions on},
  volume={3},
  number={1},
  pages={72--83},
  year={1995},
  publisher={IEEE}
}

@article{davis1980comparison,
  title={Comparison of parametric representations for monosyllabic word recognition in continuously spoken sentences},
  author={Davis, Steven and Mermelstein, Paul},
  journal={Acoustics, Speech and Signal Processing, IEEE Transactions on},
  volume={28},
  number={4},
  pages={357--366},
  year={1980},
  publisher={IEEE}
}

@article{giannakopoulos2009method,
  title={A method for silence removal and segmentation of speech signals, implemented in Matlab},
  author={Giannakopoulos, Theodoros},
  journal={University of Athens, Athens},
  year={2009}
}
